@conference{DPLCpaper,
    author  = "Wei Dong and Chun Chen and Yuan He and Gong Chen and Yunhao Liu and Jiajun Bu",
    title   = "{DPLC}: {D}ynamic {P}acket {L}ength {C}ontrol in {W}ireless {S}ensor {N}etworks",
    booktitle = "INFOCOM, 2010 Proceedings IEEE",
    address  = "San Diego, CA, USA",
    year      = "2010",
    publisher= "IEEE",
}

@manual{CC2420,
    organization  = "Texas Instruments",
    title         = "2.4 GHz IEEE 802.15.4 / ZigBee-ready RF Transceiver",
    number        = "CC2420",
    year          =  2013,
    month         =  Mar,    
    note          = "Rev. C"
}